@book {FS,
    AUTHOR = {Brion, Michel and Kumar, Shrawan},
     TITLE = {Frobenius splitting methods in geometry and representation
              theory},
    SERIES = {Progress in Mathematics},
    VOLUME = {231},
 PUBLISHER = {Birkh\"auser Boston Inc.},
   ADDRESS = {Boston, MA},
      YEAR = {2005},
     PAGES = {x+250},
      ISBN = {0-8176-4191-2},
   MRCLASS = {14M15 (13A35 14C05 17B10 20G05)},
  MRNUMBER = {2107324 (2005k:14104)},
MRREVIEWER = {Vikram B. Mehta},
}

@incollection {CSV,
    AUTHOR = {De Concini, C. and Procesi, C.},
     TITLE = {Complete symmetric varieties},
 BOOKTITLE = {Invariant theory ({M}ontecatini, 1982)},
    SERIES = {Lecture Notes in Math.},
    VOLUME = {996},
     PAGES = {1--44},
 PUBLISHER = {Springer},
   ADDRESS = {Berlin},
      YEAR = {1983},
   MRCLASS = {14L30 (14N10 20G05)},
  MRNUMBER = {718125 (85e:14070)},
MRREVIEWER = {Klaus Pommerening},
       DOI = {10.1007/BFb0063234},
       URL = {http://dx.doi.org.ezproxy.cul.columbia.edu/10.1007/BFb0063234},
}


@book{TV,
    Address = {Providence, RI},
	Author = {Cox, David A. and Little, John B. and Schenck, Henry K.},
	Date-Added = {2013-08-12 00:45:44 +0000},
	Date-Modified = {2013-08-12 00:45:44 +0000},
	Isbn = {978-0-8218-4819-7},
	Mrclass = {14M25 (05A15 05E45 52B12)},
	Mrnumber = {2810322 (2012g:14094)},
	Mrreviewer = {Ivan V. Arzhantsev},
	Pages = {xxiv+841},
	Publisher = {American Mathematical Society},
	Series = {Graduate Studies in Mathematics},
	Title = {Toric varieties},
	Volume = {124},
	Year = {2011},
	Bdsk-Url-1 = {http://www.ams.org.ezproxy.cul.columbia.edu/mathscinet-getitem?mr=2810322}}
    
@book {FH,
    AUTHOR = {Fulton, William and Harris, Joe},
    TITLE = {Representation theory},
    SERIES = {Graduate Texts in Mathematics},
    VOLUME = {129},
    NOTE = {A first course, Readings in Mathematics},
    PUBLISHER = {Springer-Verlag},
    ADDRESS = {New York},
    YEAR = {1991},
    PAGES = {xvi+551},
    ISBN = {0-387-97527-6; 0-387-97495-4},
    MRCLASS = {20G05 (17B10 20G20 22E46)},
    MRNUMBER = {1153249 (93a:20069)},
    MRREVIEWER = {James E. Humphreys},
    DOI = {10.1007/978-1-4612-0979-9},
    URL = {http://dx.doi.org/10.1007/978-1-4612-0979-9}


@article{WC,
    Adsnote = {Provided by the SAO/NASA Astrophysics Data System},
	Adsurl = {http://adsabs.harvard.edu/abs/2008arXiv0801.0456E},
	Archiveprefix = {arXiv},
	Author = {{Evens}, S. and {Jones}, B.~F},
	Date-Added = {2013-08-12 02:46:40 +0000},
	Date-Modified = {2013-08-12 02:46:40 +0000},
	Eprint = {0801.0456},
	Journal = {ArXiv e-prints},
	Keywords = {Mathematics - Algebraic Geometry, Mathematics - Representation Theory, 14M17, 20G20},
	Month = jan,
	Primaryclass = {math.AG},
	Title = {{On the wonderful compactification}},
	Year = 2008}

