/Users/nilay/Documents/mybib.bib